<?xml version="1.0" encoding="UTF-8"?><collection xmlns="http://www.loc.gov/MARC21/slim"><record><leader>00379nam--2200121-i-4500</leader><controlfield tag="001">000016394</controlfield><controlfield tag="002">20161230</controlfield><controlfield tag="005">20161230201031</controlfield><controlfield tag="008">060222s1000------------r-----000-0-eng-d</controlfield><datafield ind1=" " ind2=" " tag="100"><subfield code="a">Brefort,Jacques</subfield></datafield><datafield ind1=" " ind2=" " tag="245"><subfield code="a">Evolution a puissance constante de la temperature d un four en fonction du temps et de la position du capteur.these</subfield></datafield><datafield ind1=" " ind2=" " tag="260"><subfield code="a">Paris,Universite,1960. 66 P</subfield></datafield><datafield ind1=" " ind2=" " tag="852"><subfield code="a">78255</subfield></datafield></record></collection>